
@article{master2025dmind,
  title={DMind Benchmark: The First Comprehensive Benchmark for LLM Evaluation in the Web3 Domain},
  author={Master, M. and Sun, R. and Reese, A. et al.},
  journal={arXiv preprint arXiv:2504.16116},
  year={2025}
}
@article{zhao2025mitigating,
  title={Mitigating Blockchain Extractable Value (BEV) Threats by Distributed Transaction Sequencing},
  author={Zhao, X. and Long, H. and Si, Y. et al.},
  journal={arXiv preprint arXiv:2503.06279},
  year={2025}
}
@article{wu2024static,
  title={Strengthening DeFi Security: A Static Analysis Approach to Flash Loan Vulnerabilities},
  author={Wu, K.},
  journal={arXiv preprint arXiv:2411.01230},
  year={2024}
}
@article{rahnama2025defisentinel,
  title={DeFiSentinel: AI-Enhanced DeFi Architecture with Advanced Smart Contract Threat Resilience},
  author={Rahnama, S. M.},
  journal={IEEE Access},
  year={2025}
}
@article{zhang2024transfront,
  title={TransFront: Bi-path Feature Fusion for Detecting Front-running Attack in DeFi},
  author={Zhang, Y. and Wang, G. et al.},
  journal={IEEE TDSC},
  year={2024}
}
@inproceedings{hegde2024efficient,
  title={An Efficient and Transparent Financial Transaction System using DeFi},
  author={Hegde, S. K. and Hegde, R.},
  booktitle={Proc. 2nd Int'l Conf. on Blockchain Technology},
  year={2024}
}
